@inproceedings{krizhevsky2012imagenet,
  title={Imagenet classification with deep convolutional neural networks},
  author={Krizhevsky, Alex and Sutskever, Ilya and Hinton, Geoffrey E},
  booktitle={NIPS},
  year={2012}
}

@article{donahue2013decaf,
  title={Decaf: A deep convolutional activation feature for generic visual recognition},
  author={Donahue, Jeff and Jia, Yangqing and Vinyals, Oriol and Hoffman, Judy and Zhang, Ning and Tzeng, Eric and Darrell, Trevor},
  journal={arXiv:1310.1531},
  year={2013}
}

@inproceedings{jia2014caffe,
  title={Caffe: Convolutional architecture for fast feature embedding},
  author={Jia, Yangqing and Shelhamer, Evan and Donahue, Jeff and Karayev, Sergey and Long, Jonathan and Girshick, Ross and Guadarrama, Sergio and Darrell, Trevor},
  booktitle={ACM MM},
  year={2014}
}

@article{zeiler2013visualizing,
  title={Visualizing and understanding convolutional neural networks},
  author={Zeiler, Matthew D and Fergus, Rob},
  journal={arXiv:1311.2901},
  year={2013}
}

@article{simonyan2014very,
  title={Very Deep Convolutional Networks for Large-Scale Image Recognition},
  author={Simonyan, Karen and Zisserman, Andrew},
  journal={arXiv:1409.1556},
  year={2014}
}

@article{szegedy2014going,
  title={Going deeper with convolutions},
  author={Szegedy, Christian and Liu, Wei and Jia, Yangqing and Sermanet, Pierre and Reed, Scott and Anguelov, Dragomir and Erhan, Dumitru and Vanhoucke, Vincent and Rabinovich, Andrew},
  journal={arXiv:1409.4842},
  year={2014}
}

@inproceedings{deng2009imagenet,
  title={Imagenet: A large-scale hierarchical image database},
  author={Deng, Jia and Dong, Wei and Socher, Richard and Li, Li-Jia and Li, Kai and Fei-Fei, Li},
  booktitle={CVPR},
  year={2009}
}

@inproceedings{natarajan2013learning,
  title={Learning with noisy labels},
  author={Natarajan, Nagarajan and Dhillon, Inderjit S and Ravikumar, Pradeep K and Tewari, Ambuj},
  booktitle={NIPS},
  year={2013}
}

@article{bartlett2006convexity,
  title={Convexity, classification, and risk bounds},
  author={Bartlett, Peter L and Jordan, Michael I and McAuliffe, Jon D},
  journal={Journal of the American Statistical Association},
  year={2006}
}

@inproceedings{teng2001comparison,
  title={A Comparison of Noise Handling Techniques},
  author={Teng, Choh-Man},
  booktitle={FLAIRS},
  year={2001}
}

@article{sukhbaatar2014learning,
  title={Learning from Noisy Labels with Deep Neural Networks},
  author={Sukhbaatar, Sainbayar and Fergus, Rob},
  journal={arXiv:1406.2080},
  year={2014}
}

@inproceedings{mnih2012learning,
  title={Learning to label aerial images from noisy data},
  author={Mnih, Volodymyr and Hinton, Geoffrey E},
  booktitle={ICML},
  year={2012}
}

@techreport{zhu2002learning,
  title={Learning from labeled and unlabeled data with label propagation},
  author={Zhu, Xiaojin and Ghahramani, Zoubin},
  institution={Technical Report CMU-CALD-02-107, Carnegie Mellon University},
  year={2002}
}

@inproceedings{guillaumin2010multimodal,
  title={Multimodal semi-supervised learning for image classification},
  author={Guillaumin, Matthieu and Verbeek, Jakob and Schmid, Cordelia},
  booktitle={CVPR},
  year={2010}
}

@incollection{weston2012deep,
  title={Deep learning via semi-supervised embedding},
  author={Weston, Jason and Ratle, Fr{\'e}d{\'e}ric and Mobahi, Hossein and Collobert, Ronan},
  booktitle={Neural Networks: Tricks of the Trade},
  year={2012}
}

@inproceedings{lee2013pseudo,
  title={Pseudo-label: The simple and efficient semi-supervised learning method for deep neural networks},
  author={Lee, Dong-Hyun},
  booktitle={ICML Workshop},
  year={2013}
}

@article{azizpour2014generic,
  title={From Generic to Specific Deep Representations for Visual Recognition},
  author={Azizpour, Hossein and Razavian, Ali Sharif and Sullivan, Josephine and Maki, Atsuto and Carlsson, Stefan},
  journal={arXiv:1406.5774},
  year={2014}
}

@inproceedings{tang2013learning,
  title={Learning stochastic feedforward neural networks},
  author={Tang, Yichuan and Salakhutdinov, Ruslan},
  booktitle={NIPS},
  year={2013}
}

@inproceedings{vahdat2013handling,
  title={Handling uncertain tags in visual recognition},
  author={Vahdat, Arash and Mori, Greg},
  booktitle={ICCV},
  year={2013}
}

@inproceedings{oquab2014learning,
  title={Learning and transferring mid-level image representations using convolutional neural networks},
  author={Oquab, Maxime and Bottou, Leon and Laptev, Ivan and Sivic, Josef},
  booktitle={CVPR},
  year={2014}
}

@inproceedings{zhang2014panda,
  title={Panda: Pose aligned networks for deep attribute modeling},
  author={Zhang, Ning and Paluri, Manohar and Ranzato, Marc'Aurelio and Darrell, Trevor and Bourdev, Lubomir},
  booktitle={CVPR},
  year={2014}
}

@article{farabet2013learning,
  title={Learning hierarchical features for scene labeling},
  author={Farabet, Cl{\'e}ment and Couprie, Camille and Najman, Laurent and LeCun, Yann},
  journal={TPAMI},
  volume={35},
  number={8},
  pages={1915--1929},
  year={2013}
}

@incollection{gong2014multi,
  title={Multi-scale orderless pooling of deep convolutional activation features},
  author={Gong, Yunchao and Wang, Liwei and Guo, Ruiqi and Lazebnik, Svetlana},
  booktitle={ECCV},
  year={2014}
}

@article{gong2014multiview,
  title={A multi-view embedding space for modeling internet images, tags, and their semantics},
  author={Gong, Yunchao and Ke, Qifa and Isard, Michael and Lazebnik, Svetlana},
  journal={IJCV},
  volume={106},
  number={2},
  pages={210--233},
  year={2014}
}

@inproceedings{beigman2009learning,
  title={Learning with annotation noise},
  author={Beigman, Eyal and Klebanov, Beata Beigman},
  booktitle={ACL-IJCNLP},
  year={2009}
}

@article{manwani2013noise,
  title={Noise tolerance under risk minimization},
  author={Manwani, Naresh and Sastry, PS},
  journal={Cybernetics, IEEE Transactions on},
  volume={43},
  number={3},
  pages={1146--1151},
  year={2013}
}

@article{zhu2004class,
  title={Class noise vs. attribute noise: A quantitative study},
  author={Zhu, Xingquan and Wu, Xindong},
  journal={Artificial Intelligence Review},
  volume={22},
  number={3},
  pages={177--210},
  year={2004}
}

@article{nettleton2010study,
  title={A study of the effect of different types of noise on the precision of supervised learning techniques},
  author={Nettleton, David F and Orriols-Puig, Albert and Fornells, Albert},
  journal={Artificial intelligence review},
  volume={33},
  number={4},
  pages={275--306},
  year={2010}
}

@inproceedings{pechenizkiy2006class,
  title={Class noise and supervised learning in medical domains: The effect of feature extraction},
  author={Pechenizkiy, Mykola and Tsymbal, Alexey and Puuronen, Seppo and Pechenizkiy, Oleksandr},
  booktitle={CBMS},
  year={2006}
}

@incollection{barandela2000decontamination,
  title={Decontamination of training samples for supervised pattern recognition methods},
  author={Barandela, Ricardo and Gasca, Eduardo},
  booktitle={ICAPR},
  year={2000}
}

@article{brodley2011identifying,
  title={Identifying mislabeled training data},
  author={Brodley, Carla E and Friedl, Mark A},
  journal={arXiv:1106.0219},
  year={2011}
}

@incollection{miranda2009use,
  title={Use of classification algorithms in noise detection and elimination},
  author={Miranda, Andr{\'e} LB and Garcia, Lu{\'\i}s Paulo F and Carvalho, Andr{\'e} CPLF and Lorena, Ana C},
  booktitle={HAIS},
  year={2009}
}

@inproceedings{matic1992computer,
  title={Computer aided cleaning of large databases for character recognition},
  author={Matic, N and Guyon, I and Bottou, L and Denker, J and Vapnik, V},
  booktitle={IAPR},
  year={1992}
}

@article{frenay2014classification,
  title={Classification in the presence of label noise: a survey},
  author={Fr{\'e}nay, Beno{\^\i}t and Verleysen, Michel},
  journal={TNNLS},
  volume={25},
  number={5},
  pages={845--869},
  year={2014},
  publisher={IEEE}
}

@inproceedings{larsen1998design,
  title={Design of robust neural network classifiers},
  author={Larsen, Jan and Nonboe, L and Hintz-Madsen, Mads and Hansen, Lars Kai},
  booktitle={ICASSP},
  year={1998}
}
