@inproceedings{krizhevsky2012imagenet,
  title={Imagenet classification with deep convolutional neural networks},
  author={Krizhevsky, Alex and Sutskever, Ilya and Hinton, Geoffrey E},
  booktitle={Advances in neural information processing systems},
  pages={1097--1105},
  year={2012}
}

@article{donahue2013decaf,
  title={Decaf: A deep convolutional activation feature for generic visual recognition},
  author={Donahue, Jeff and Jia, Yangqing and Vinyals, Oriol and Hoffman, Judy and Zhang, Ning and Tzeng, Eric and Darrell, Trevor},
  journal={arXiv preprint arXiv:1310.1531},
  year={2013}
}

@inproceedings{jia2014caffe,
  title={Caffe: Convolutional architecture for fast feature embedding},
  author={Jia, Yangqing and Shelhamer, Evan and Donahue, Jeff and Karayev, Sergey and Long, Jonathan and Girshick, Ross and Guadarrama, Sergio and Darrell, Trevor},
  booktitle={Proceedings of the ACM International Conference on Multimedia},
  pages={675--678},
  year={2014},
  organization={ACM}
}

@article{zeiler2013visualizing,
  title={Visualizing and understanding convolutional neural networks},
  author={Zeiler, Matthew D and Fergus, Rob},
  journal={arXiv preprint arXiv:1311.2901},
  year={2013}
}

@article{simonyan2014very,
  title={Very Deep Convolutional Networks for Large-Scale Image Recognition},
  author={Simonyan, Karen and Zisserman, Andrew},
  journal={arXiv preprint arXiv:1409.1556},
  year={2014}
}

@article{szegedy2014going,
  title={Going deeper with convolutions},
  author={Szegedy, Christian and Liu, Wei and Jia, Yangqing and Sermanet, Pierre and Reed, Scott and Anguelov, Dragomir and Erhan, Dumitru and Vanhoucke, Vincent and Rabinovich, Andrew},
  journal={arXiv preprint arXiv:1409.4842},
  year={2014}
}

@inproceedings{deng2009imagenet,
  title={Imagenet: A large-scale hierarchical image database},
  author={Deng, Jia and Dong, Wei and Socher, Richard and Li, Li-Jia and Li, Kai and Fei-Fei, Li},
  booktitle={Computer Vision and Pattern Recognition, 2009. CVPR 2009. IEEE Conference on},
  pages={248--255},
  year={2009},
  organization={IEEE}
}

@inproceedings{natarajan2013learning,
  title={Learning with noisy labels},
  author={Natarajan, Nagarajan and Dhillon, Inderjit S and Ravikumar, Pradeep K and Tewari, Ambuj},
  booktitle={Advances in Neural Information Processing Systems},
  pages={1196--1204},
  year={2013}
}

@article{bartlett2006convexity,
  title={Convexity, classification, and risk bounds},
  author={Bartlett, Peter L and Jordan, Michael I and McAuliffe, Jon D},
  journal={Journal of the American Statistical Association},
  volume={101},
  number={473},
  pages={138--156},
  year={2006},
  publisher={Taylor \& Francis}
}

@inproceedings{teng2001comparison,
  title={A Comparison of Noise Handling Techniques.},
  author={Teng, Choh-Man},
  booktitle={FLAIRS Conference},
  pages={269--273},
  year={2001}
}

@article{sukhbaatar2014learning,
  title={Learning from Noisy Labels with Deep Neural Networks},
  author={Sukhbaatar, Sainbayar and Fergus, Rob},
  journal={arXiv preprint arXiv:1406.2080},
  year={2014}
}

@inproceedings{mnih2012learning,
  title={Learning to label aerial images from noisy data},
  author={Mnih, Volodymyr and Hinton, Geoffrey E},
  booktitle={Proceedings of the 29th International Conference on Machine Learning (ICML-12)},
  pages={567--574},
  year={2012}
}

@techreport{zhu2002learning,
  title={Learning from labeled and unlabeled data with label propagation},
  author={Zhu, Xiaojin and Ghahramani, Zoubin},
  year={2002},
  institution={Technical Report CMU-CALD-02-107, Carnegie Mellon University}
}

@inproceedings{guillaumin2010multimodal,
  title={Multimodal semi-supervised learning for image classification},
  author={Guillaumin, Matthieu and Verbeek, Jakob and Schmid, Cordelia},
  booktitle={Computer Vision and Pattern Recognition (CVPR), 2010 IEEE Conference on},
  pages={902--909},
  year={2010},
  organization={IEEE}
}

@incollection{weston2012deep,
  title={Deep learning via semi-supervised embedding},
  author={Weston, Jason and Ratle, Fr{\'e}d{\'e}ric and Mobahi, Hossein and Collobert, Ronan},
  booktitle={Neural Networks: Tricks of the Trade},
  pages={639--655},
  year={2012},
  publisher={Springer}
}

@inproceedings{lee2013pseudo,
  title={Pseudo-label: The simple and efficient semi-supervised learning method for deep neural networks},
  author={Lee, Dong-Hyun},
  booktitle={Workshop on Challenges in Representation Learning, ICML},
  year={2013}
}

@article{azizpour2014generic,
  title={From Generic to Specific Deep Representations for Visual Recognition},
  author={Azizpour, Hossein and Razavian, Ali Sharif and Sullivan, Josephine and Maki, Atsuto and Carlsson, Stefan},
  journal={arXiv preprint arXiv:1406.5774},
  year={2014}
}

@inproceedings{tang2013learning,
  title={Learning stochastic feedforward neural networks},
  author={Tang, Yichuan and Salakhutdinov, Ruslan},
  booktitle={Advances in Neural Information Processing Systems},
  pages={530--538},
  year={2013}
}

@inproceedings{vahdat2013handling,
  title={Handling uncertain tags in visual recognition},
  author={Vahdat, Arash and Mori, Greg},
  booktitle={Computer Vision (ICCV), 2013 IEEE International Conference on},
  pages={737--744},
  year={2013},
  organization={IEEE}
}

@article{oquab2013learning,
  title={Learning and transferring mid-level image representations using convolutional neural networks},
  author={Oquab, Maxime and Bottou, Leon and Laptev, Ivan and Sivic, Josef and others},
  year={2013}
}

@article{zhang2013panda,
  title={PANDA: Pose Aligned Networks for Deep Attribute Modeling},
  author={Zhang, Ning and Paluri, Manohar and Ranzato, Marc'Aurelio and Darrell, Trevor and Bourdev, Lubomir},
  journal={arXiv preprint arXiv:1311.5591},
  year={2013}
}

@article{farabet2013learning,
  title={Learning hierarchical features for scene labeling},
  author={Farabet, Cl{\'e}ment and Couprie, Camille and Najman, Laurent and LeCun, Yann},
  journal={Pattern Analysis and Machine Intelligence, IEEE Transactions on},
  volume={35},
  number={8},
  pages={1915--1929},
  year={2013},
  publisher={IEEE}
}

@article{gong2014multiscale,
  title={Multi-scale Orderless Pooling of Deep Convolutional Activation Features},
  author={Gong, Yunchao and Wang, Liwei and Guo, Ruiqi and Lazebnik, Svetlana},
  journal={arXiv preprint arXiv:1403.1840},
  year={2014}
}

@article{gong2014multiview,
  title={A multi-view embedding space for modeling internet images, tags, and their semantics},
  author={Gong, Yunchao and Ke, Qifa and Isard, Michael and Lazebnik, Svetlana},
  journal={International Journal of Computer Vision},
  volume={106},
  number={2},
  pages={210--233},
  year={2014},
  publisher={Springer}
}

@inproceedings{beigman2009learning,
  title={Learning with annotation noise},
  author={Beigman, Eyal and Klebanov, Beata Beigman},
  booktitle={Proceedings of the Joint Conference of the 47th Annual Meeting of the ACL and the 4th International Joint Conference on Natural Language Processing of the AFNLP: Volume 1-Volume 1},
  pages={280--287},
  year={2009},
  organization={Association for Computational Linguistics}
}

@article{manwani2013noise,
  title={Noise tolerance under risk minimization},
  author={Manwani, Naresh and Sastry, PS},
  journal={Cybernetics, IEEE Transactions on},
  volume={43},
  number={3},
  pages={1146--1151},
  year={2013},
  publisher={IEEE}
}

@article{zhu2004class,
  title={Class noise vs. attribute noise: A quantitative study},
  author={Zhu, Xingquan and Wu, Xindong},
  journal={Artificial Intelligence Review},
  volume={22},
  number={3},
  pages={177--210},
  year={2004},
  publisher={Springer}
}

@article{nettleton2010study,
  title={A study of the effect of different types of noise on the precision of supervised learning techniques},
  author={Nettleton, David F and Orriols-Puig, Albert and Fornells, Albert},
  journal={Artificial intelligence review},
  volume={33},
  number={4},
  pages={275--306},
  year={2010},
  publisher={Springer}
}

@inproceedings{pechenizkiy2006class,
  title={Class noise and supervised learning in medical domains: The effect of feature extraction},
  author={Pechenizkiy, Mykola and Tsymbal, Alexey and Puuronen, Seppo and Pechenizkiy, Oleksandr},
  booktitle={Computer-Based Medical Systems, 2006. CBMS 2006. 19th IEEE International Symposium on},
  pages={708--713},
  year={2006},
  organization={IEEE}
}

@incollection{barandela2000decontamination,
  title={Decontamination of training samples for supervised pattern recognition methods},
  author={Barandela, Ricardo and Gasca, Eduardo},
  booktitle={Advances in Pattern Recognition},
  pages={621--630},
  year={2000},
  publisher={Springer}
}

@article{brodley2011identifying,
  title={Identifying mislabeled training data},
  author={Brodley, Carla E and Friedl, Mark A},
  journal={arXiv preprint arXiv:1106.0219},
  year={2011}
}

@incollection{miranda2009use,
  title={Use of classification algorithms in noise detection and elimination},
  author={Miranda, Andr{\'e} LB and Garcia, Lu{\'\i}s Paulo F and Carvalho, Andr{\'e} CPLF and Lorena, Ana C},
  booktitle={Hybrid Artificial Intelligence Systems},
  pages={417--424},
  year={2009},
  publisher={Springer}
}

@inproceedings{matic1992computer,
  title={Computer aided cleaning of large databases for character recognition},
  author={Matic, N and Guyon, I and Bottou, L and Denker, J and Vapnik, V},
  booktitle={Pattern Recognition, 1992. Vol. II. Conference B: Pattern Recognition Methodology and Systems, Proceedings., 11th IAPR International Conference on},
  pages={330--333},
  year={1992},
  organization={IEEE}
}

@article{frenay2013classification,
  title={Classification in the presence of label noise: a survey},
  author={Fr{\'e}nay, Beno{\^\i}t and Verleysen, Michel},
  year={2013},
  publisher={IEEE}
}

@inproceedings{larsen1998design,
  title={Design of robust neural network classifiers},
  author={Larsen, Jan and Nonboe, L and Hintz-Madsen, Mads and Hansen, Lars Kai},
  booktitle={Acoustics, Speech and Signal Processing, 1998. Proceedings of the 1998 IEEE International Conference on},
  volume={2},
  pages={1205--1208},
  year={1998},
  organization={IEEE}
}
